@misc{ArgvLkm,
  title        = "Passing Command Line Arguments to a Module",
  author       = "Peter Jay Salzman and Michael Burian and Ori Pomerantz",
  howpublished = "\url{https://tldp.org/LDP/lkmpg/2.6/html/x323.html}",
  note         = "(Дата обращения: 29.10.2023)"
}

@misc{Strace,
  title        = "Утилита strace",
  author       = "Д. В. Левин",
  howpublished = "\url{https://strace.io/}",
  note         = "(Дата обращения: 29.10.2023)"
}

@misc{Ptrace,
  title        = "Перехват системных вызовов с помощью ptrace",
  author       = "А. Хелман",
  howpublished = "\url{https://habr.com/ru/articles/111266/}",
  year = 2011,
  note         = "(Дата обращения: 05.11.2023)"
}

@misc{Ftrace,
  title        = "Using ftrace to hook to functions",
  author       = "LinuxDocs",
  howpublished = "\url{https://www.kernel.org/doc/html/v5.0/trace/ftrace-uses.html}",
  year = 2011,
  note         = "(Дата обращения: 05.11.2023)"
}

@misc{Syscalls,
  title        = "Elixir Cross Referencer (syscalls.h)",
  author       = "Bootlin",
  howpublished = "\url{https://elixir.bootlin.com/linux/v4.8/source/include/linux/syscalls.h}",
  note         = "(Дата обращения: 05.11.2023)"
}

@misc{SublimeText,
  title        = "Sublime Text",
  author       = "SublimeLtd",
  howpublished = "\url{https://www.sublimetext.com/}",
  note         = "(Дата обращения: 10.11.2023)"
}

@Comment{jabref-meta: databaseType:bibtex;}
